@article{barrett2006,
  title={Solving the emotion paradox: Categorization and the experience of emotion},
  author={Barrett, Lisa Feldman},
  journal={Personality and social psychology review},
  volume={10},
  number={1},
  pages={20--46},
  year={2006},
  publisher={Sage Publications}
}

@article{haxby2001,
  title={Distributed and overlapping representations of faces and objects in ventral temporal cortex},
  author={Haxby, James V and Gobbini, M Ida and Furey, Maura L and Ishai, Alumit and Schouten, Jennifer L and Pietrini, Pietro},
  journal={Science},
  volume={293},
  number={5539},
  pages={2425--2430},
  year={2001},
  publisher={American Association for the Advancement of Science}
}

@article{lindquist2012,
  title={The brain basis of emotion: a meta-analytic review},
  author={Lindquist, Kristen A and Wager, Tor D and Kober, Hedy and Bliss-Moreau, Eliza and Barrett, Lisa Feldman},
  journal={Behavioral and Brain Sciences},
  volume={35},
  number={03},
  pages={121--143},
  year={2012},
  publisher={Cambridge Univ Press}
}

@article{coutanche2013,
  title={Distinguishing multi-voxel patterns and mean activation: why, how, and what does it tell us?},
  author={Coutanche, Marc N},
  journal={Cognitive, Affective, \& Behavioral Neuroscience},
  volume={13},
  number={3},
  pages={667--673},
  year={2013},
  publisher={Springer}
}

@article{kornysheva2014,
  title={Human premotor areas parse sequences into their spatial and temporal features},
  author={Kornysheva, Katja and Diedrichsen, J{\"o}rn},
  journal={Elife},
  volume={3},
  pages={e03043},
  year={2014},
  publisher={eLife Sciences Publications Limited}
}

@article{friston1995,
  title={Characterizing dynamic brain responses with fMRI: a multivariate approach},
  author={Friston, Karl J and Frith, Christopher D and Frackowiak, Richard SJ and Turner, Robert},
  journal={Neuroimage},
  volume={2},
  number={2PA},
  pages={166--172},
  year={1995},
  publisher={Elsevier}
}

@article{kriegeskorte2009,
  title={Circular analysis in systems neuroscience: the dangers of double dipping},
  author={Kriegeskorte, Nikolaus and Simmons, W Kyle and Bellgowan, Patrick SF and Baker, Chris I},
  journal={Nature neuroscience},
  volume={12},
  number={5},
  pages={535--540},
  year={2009},
  publisher={Nature Publishing Group}
}

@article{desmond2002,
  title={Estimating sample size in functional MRI (fMRI) neuroimaging studies: statistical power analyses},
  author={Desmond, John E and Glover, Gary H},
  journal={Journal of neuroscience methods},
  volume={118},
  number={2},
  pages={115--128},
  year={2002},
  publisher={Elsevier}
}

@article{knuth1984,
  title={Literate programming},
  author={Knuth, Donald Ervin},
  journal={The Computer Journal},
  volume={27},
  number={2},
  pages={97--111},
  year={1984},
  publisher={Br Computer Soc}
}

@article{poldrack2010,
  title={Mapping mental function to brain structure: how can cognitive neuroimaging succeed?},
  author={Poldrack, Russell A},
  journal={Perspectives on Psychological Science},
  volume={5},
  number={6},
  pages={753--761},
  year={2010},
  publisher={SAGE Publications}
}

@article{ledoux2003,
  title={The emotional brain, fear, and the amygdala},
  author={LeDoux, Joseph},
  journal={Cellular and molecular neurobiology},
  volume={23},
  number={4-5},
  pages={727--738},
  year={2003},
  publisher={Springer}
}

@article{vanveen2002,
  title={The anterior cingulate as a conflict monitor: fMRI and ERP studies},
  author={Van Veen, Vincent and Carter, Cameron S},
  journal={Physiology \& behavior},
  volume={77},
  number={4},
  pages={477--482},
  year={2002},
  publisher={Elsevier}
}

@article{sporns2002,
  title={Network analysis, complexity, and brain function},
  author={Sporns, Olaf},
  journal={Complexity},
  volume={8},
  number={1},
  pages={56--60},
  year={2002},
  publisher={Wiley Online Library}
}

@article{norman2006,
  title={Beyond mind-reading: multi-voxel pattern analysis of fMRI data},
  author={Norman, Kenneth A and Polyn, Sean M and Detre, Greg J and Haxby, James V},
  journal={Trends in cognitive sciences},
  volume={10},
  number={9},
  pages={424--430},
  year={2006},
  publisher={Elsevier}
}

@article{haxby2012,
  title={Multivariate pattern analysis of fMRI: the early beginnings},
  author={Haxby, James V},
  journal={Neuroimage},
  volume={62},
  number={2},
  pages={852--855},
  year={2012},
  publisher={Elsevier}
}

@article{cox2003,
  title={Functional magnetic resonance imaging (fMRI)"brain reading": detecting and classifying distributed patterns of fMRI activity in human visual cortex},
  author={Cox, David D and Savoy, Robert L},
  journal={Neuroimage},
  volume={19},
  number={2},
  pages={261--270},
  year={2003},
  publisher={Elsevier}
}

@article{kriegeskorte2008,
  title={Representational similarity analysis--connecting the branches of systems neuroscience},
  author={Kriegeskorte, Nikolaus and Mur, Marieke and Bandettini, Peter},
  journal={Frontiers in systems neuroscience},
  volume={2},
  year={2008},
  publisher={Frontiers Research Foundation}
}

@article{kamitani2005,
  title={Decoding the visual and subjective contents of the human brain},
  author={Kamitani, Yukiyasu and Tong, Frank},
  journal={Nature neuroscience},
  volume={8},
  number={5},
  pages={679--685},
  year={2005},
  publisher={Nature Publishing Group}
}

@article{opdebeeck2010,
  title={Probing the mysterious underpinnings of multi-voxel fMRI analyses},
  author={de Beeck, Hans P Op},
  journal={Neuroimage},
  volume={50},
  number={2},
  pages={567--571},
  year={2010},
  publisher={Elsevier}
}