@article{barrett2006,
  title={Solving the emotion paradox: Categorization and the experience of emotion},
  author={Barrett, Lisa Feldman},
  journal={Personality and social psychology review},
  volume={10},
  number={1},
  pages={20--46},
  year={2006},
  publisher={Sage Publications}
}

@article{friston1994,
  title={Statistical parametric maps in functional imaging: a general linear approach},
  author={Friston, Karl J and Holmes, Andrew P and Worsley, Keith J and Poline, JP and Frith, Chris D and Frackowiak, Richard SJ and others},
  journal={Human brain mapping},
  volume={2},
  number={4},
  pages={189--210},
  year={1994},
  publisher={Wiley Subscription Services, Inc., A Wiley Company}
}

@article{kahnt2010,
  title={The neural code of reward anticipation in human orbitofrontal cortex},
  author={Kahnt, Thorsten and Heinzle, Jakob and Park, Soyoung Q and Haynes, John-Dylan},
  journal={Proceedings of the National Academy of Sciences},
  volume={107},
  number={13},
  pages={6010--6015},
  year={2010},
  publisher={National Acad Sciences}
}

@article{haynes2015,
  title={A Primer on Pattern-Based Approaches to fMRI: Principles, Pitfalls, and Perspectives},
  author={Haynes, John-Dylan},
  journal={Neuron},
  volume={87},
  number={2},
  pages={257--270},
  year={2015},
  publisher={Elsevier}
}

@article{diaz2013,
  title={The Amsterdam Resting-State Questionnaire reveals multiple phenotypes of resting-state cognition},
  author={Diaz, B Alexander and Van Der Sluis, Sophie and Moens, Sarah and Benjamins, Jeroen S and Migliorati, Filippo and Stoffers, Diederick and Den Braber, Anouk and Poil, Simon-Shlomo and Hardstone, Richard and Van't Ent, Dennis and others},
  journal={Frontiers in human neuroscience},
  volume={7},
  year={2013},
  publisher={Frontiers Media SA}
}

@article{mitchell2004,
  title={Learning to decode cognitive states from brain images},
  author={Mitchell, Tom M and Hutchinson, Rebecca and Niculescu, Radu S and Pereira, Francisco and Wang, Xuerui and Just, Marcel and Newman, Sharlene},
  journal={Machine Learning},
  volume={57},
  number={1-2},
  pages={145--175},
  year={2004},
  publisher={Springer}
}

@article{eger2008,
  title={fMRI activity patterns in human LOC carry information about object exemplars within category},
  author={Eger, Evelyn and Ashburner, John and Haynes, John-Dylan and Dolan, Raymond J and Rees, Geraint},
  journal={Journal of cognitive neuroscience},
  volume={20},
  number={2},
  pages={356--370},
  year={2008},
  publisher={MIT Press}
}

@article{martinez2014,
  title={Brain Networks for the Categorization of Facial Expressions of Emotion},
  author={Martinez, Aleix and Du, Shichuan and Walther, Dirk},
  journal={Journal of Vision},
  volume={14},
  number={10},
  pages={1392--1392},
  year={2014},
  publisher={Association for Research in Vision and Ophthalmology}
}

@article{shinkareva2008,
  title={Using fMRI brain activation to identify cognitive states associated with perception of tools and dwellings},
  author={Shinkareva, Svetlana V and Mason, Robert A and Malave, Vicente L and Wang, Wei and Mitchell, Tom M and Just, Marcel Adam},
  journal={PLoS One},
  volume={3},
  number={1},
  pages={e1394},
  year={2008}
}

@article{parkes2009,
  title={Multivoxel fMRI analysis of color tuning in human primary visual cortex},
  author={Parkes, Laura M and Marsman, Jan-Bernard C and Oxley, David C and Goulermas, John Y and Wuerger, Sophie M},
  journal={Journal of Vision},
  volume={9},
  number={1},
  pages={1},
  year={2009},
  publisher={Association for Research in Vision and Ophthalmology}
}

@article{haxby2001,
  title={Distributed and overlapping representations of faces and objects in ventral temporal cortex},
  author={Haxby, James V and Gobbini, M Ida and Furey, Maura L and Ishai, Alumit and Schouten, Jennifer L and Pietrini, Pietro},
  journal={Science},
  volume={293},
  number={5539},
  pages={2425--2430},
  year={2001},
  publisher={American Association for the Advancement of Science}
}

@article{larocque2013,
  title={Global similarity and pattern separation in the human medial temporal lobe predict subsequent memory},
  author={LaRocque, Karen F and Smith, Mary E and Carr, Valerie A and Witthoft, Nathan and Grill-Spector, Kalanit and Wagner, Anthony D},
  journal={The Journal of Neuroscience},
  volume={33},
  number={13},
  pages={5466--5474},
  year={2013},
  publisher={Soc Neuroscience}
}

@article{harrison2009,
  title={Decoding reveals the contents of visual working memory in early visual areas},
  author={Harrison, Stephenie A and Tong, Frank},
  journal={Nature},
  volume={458},
  number={7238},
  pages={632--635},
  year={2009},
  publisher={Nature Publishing Group}
}

@article{lindquist2012,
  title={The brain basis of emotion: a meta-analytic review},
  author={Lindquist, Kristen A and Wager, Tor D and Kober, Hedy and Bliss-Moreau, Eliza and Barrett, Lisa Feldman},
  journal={Behavioral and Brain Sciences},
  volume={35},
  number={03},
  pages={121--143},
  year={2012},
  publisher={Cambridge Univ Press}
}

@article{coutanche2013,
  title={Distinguishing multi-voxel patterns and mean activation: why, how, and what does it tell us?},
  author={Coutanche, Marc N},
  journal={Cognitive, Affective, \& Behavioral Neuroscience},
  volume={13},
  number={3},
  pages={667--673},
  year={2013},
  publisher={Springer}
}

@article{kriegeskorte2006,
  title={Information-based functional brain mapping},
  author={Kriegeskorte, Nikolaus and Goebel, Rainer and Bandettini, Peter},
  journal={Proceedings of the National Academy of Sciences of the United States of America},
  volume={103},
  number={10},
  pages={3863--3868},
  year={2006},
  publisher={National Acad Sciences}
}

@article{kornysheva2014,
  title={Human premotor areas parse sequences into their spatial and temporal features},
  author={Kornysheva, Katja and Diedrichsen, J{\"o}rn},
  journal={Elife},
  volume={3},
  pages={e03043},
  year={2014},
  publisher={eLife Sciences Publications Limited}
}

@article{friston1995,
  title={Characterizing dynamic brain responses with fMRI: a multivariate approach},
  author={Friston, Karl J and Frith, Christopher D and Frackowiak, Richard SJ and Turner, Robert},
  journal={Neuroimage},
  volume={2},
  number={2PA},
  pages={166--172},
  year={1995},
  publisher={Elsevier}
}

@article{kriegeskorte2009,
  title={Circular analysis in systems neuroscience: the dangers of double dipping},
  author={Kriegeskorte, Nikolaus and Simmons, W Kyle and Bellgowan, Patrick SF and Baker, Chris I},
  journal={Nature neuroscience},
  volume={12},
  number={5},
  pages={535--540},
  year={2009},
  publisher={Nature Publishing Group}
}

@article{desmond2002,
  title={Estimating sample size in functional MRI (fMRI) neuroimaging studies: statistical power analyses},
  author={Desmond, John E and Glover, Gary H},
  journal={Journal of neuroscience methods},
  volume={118},
  number={2},
  pages={115--128},
  year={2002},
  publisher={Elsevier}
}

@article{poldrack2010,
  title={Mapping mental function to brain structure: how can cognitive neuroimaging succeed?},
  author={Poldrack, Russell A},
  journal={Perspectives on Psychological Science},
  volume={5},
  number={6},
  pages={753--761},
  year={2010},
  publisher={SAGE Publications}
}

@article{ledoux2003,
  title={The emotional brain, fear, and the amygdala},
  author={LeDoux, Joseph},
  journal={Cellular and molecular neurobiology},
  volume={23},
  number={4-5},
  pages={727--738},
  year={2003},
  publisher={Springer}
}

@article{vanveen2002,
  title={The anterior cingulate as a conflict monitor: fMRI and ERP studies},
  author={Van Veen, Vincent and Carter, Cameron S},
  journal={Physiology \& behavior},
  volume={77},
  number={4},
  pages={477--482},
  year={2002},
  publisher={Elsevier}
}

@article{sporns2002,
  title={Network analysis, complexity, and brain function},
  author={Sporns, Olaf},
  journal={Complexity},
  volume={8},
  number={1},
  pages={56--60},
  year={2002},
  publisher={Wiley Online Library}
}

@article{norman2006,
  title={Beyond mind-reading: multi-voxel pattern analysis of fMRI data},
  author={Norman, Kenneth A and Polyn, Sean M and Detre, Greg J and Haxby, James V},
  journal={Trends in cognitive sciences},
  volume={10},
  number={9},
  pages={424--430},
  year={2006},
  publisher={Elsevier}
}

@article{haxby2012,
  title={Multivariate pattern analysis of fMRI: the early beginnings},
  author={Haxby, James V},
  journal={Neuroimage},
  volume={62},
  number={2},
  pages={852--855},
  year={2012},
  publisher={Elsevier}
}

@article{cox2003,
  title={Functional magnetic resonance imaging (fMRI)"brain reading": detecting and classifying distributed patterns of fMRI activity in human visual cortex},
  author={Cox, David D and Savoy, Robert L},
  journal={Neuroimage},
  volume={19},
  number={2},
  pages={261--270},
  year={2003},
  publisher={Elsevier}
}

@article{kragel2015,
  title={Multivariate neural biomarkers of emotional states are categorically distinct},
  author={Kragel, Philip A and LaBar, Kevin S},
  journal={Social cognitive and affective neuroscience},
  pages={nsv032},
  year={2015},
  publisher={Oxford University Press}
}

@article{chang2011,
  title={LIBSVM: A library for support vector machines},
  author={Chang, Chih-Chung and Lin, Chih-Jen},
  journal={ACM Transactions on Intelligent Systems and Technology (TIST)},
  volume={2},
  number={3},
  pages={27},
  year={2011},
  publisher={ACM}
}

@article{saarimaki2015,
  title={Discrete Neural Signatures of Basic Emotions.},
  author={Saarim{\"a}ki, H and Gotsopoulos, A and J{\"a}{\"a}skel{\"a}inen, IP and Lampinen, J and Vuilleumier, P and Hari, R and Sams, M and Nummenmaa, L},
  journal={Cerebral cortex (New York, NY: 1991)},
  year={2015}
}

@article{kriegeskorte2008,
  title={Representational similarity analysis--connecting the branches of systems neuroscience},
  author={Kriegeskorte, Nikolaus and Mur, Marieke and Bandettini, Peter},
  journal={Frontiers in systems neuroscience},
  volume={2},
  year={2008},
  publisher={Frontiers Research Foundation}
}

@article{mur2009,
  title={Revealing representational content with pattern-information fMRI: an introductory guide},
  author={Mur, Marieke and Bandettini, Peter A and Kriegeskorte, Nikolaus},
  journal={Social cognitive and affective neuroscience},
  pages={nsn044},
  year={2009},
  publisher={Oxford University Press}
}

@article{kriegeskorte2006,
  title={Information-based functional brain mapping},
  author={Kriegeskorte, Nikolaus and Goebel, Rainer and Bandettini, Peter},
  journal={Proceedings of the National Academy of Sciences of the United States of America},
  volume={103},
  number={10},
  pages={3863--3868},
  year={2006},
  publisher={National Acad Sciences}
}


@article{kamitani2005,
  title={Decoding the visual and subjective contents of the human brain},
  author={Kamitani, Yukiyasu and Tong, Frank},
  journal={Nature neuroscience},
  volume={8},
  number={5},
  pages={679--685},
  year={2005},
  publisher={Nature Publishing Group}
}

@article{opdebeeck2010,
  title={Probing the mysterious underpinnings of multi-voxel fMRI analyses},
  author={de Beeck, Hans P Op},
  journal={Neuroimage},
  volume={50},
  number={2},
  pages={567--571},
  year={2010},
  publisher={Elsevier}
}

@article{chadwick2010,
  title={Decoding individual episodic memory traces in the human hippocampus},
  author={Chadwick, Martin J and Hassabis, Demis and Weiskopf, Nikolaus and Maguire, Eleanor A},
  journal={Current Biology},
  volume={20},
  number={6},
  pages={544--547},
  year={2010},
  publisher={Elsevier}
}

@article{drucker2009,
  title={Different spatial scales of shape similarity representation in lateral and ventral LOC},
  author={Drucker, Daniel M and Aguirre, Geoffrey K},
  journal={Cerebral Cortex},
  pages={bhn244},
  year={2009},
  publisher={Oxford Univ Press}
}

@article{misaki2010,
  title={Comparison of multivariate classifiers and response normalizations for pattern-information fMRI},
  author={Misaki, Masaya and Kim, Youn and Bandettini, Peter A and Kriegeskorte, Nikolaus},
  journal={Neuroimage},
  volume={53},
  number={1},
  pages={103--118},
  year={2010},
  publisher={Elsevier}
}

@article{kassam2013,
  title={Identifying emotions on the basis of neural activation},
  author={Kassam, Karim S and Markey, Amanda R and Cherkassky, Vladimir L and Loewenstein, George and Just, Marcel Adam},
  journal={PloS one},
  volume={8},
  number={6},
  pages={e66032},
  year={2013},
  publisher={Public Library of Science}
}

@article{esterman2009,
  title={Decoding cognitive control in human parietal cortex},
  author={Esterman, Michael and Chiu, Yu-Chin and Tamber-Rosenau, Benjamin J and Yantis, Steven},
  journal={Proceedings of the National Academy of Sciences},
  volume={106},
  number={42},
  pages={17974--17979},
  year={2009},
  publisher={National Acad Sciences}
}

@article{brants2011,
  title={Multiple scales of organization for object selectivity in ventral visual cortex},
  author={Brants, Marijke and Baeck, Annelies and Wagemans, Johan and de Beeck, Hans P Op},
  journal={NeuroImage},
  volume={56},
  number={3},
  pages={1372--1381},
  year={2011},
  publisher={Elsevier}
}

@article{oosterwijk2015,
  title={Decoding emotions: Using MVPA to explore neural overlap in emotion experience and understanding},
  author={Oosterwijk, Suzanne and Snoek, Lukas and Rotteveel, Mark and Scholte, Steven},
  year={\BIP},  
}

@article{etzel2015,
  title={Reward Motivation Enhances Task Coding in Frontoparietal Cortex},
  author={Etzel, Joset A and Cole, Michael W and Zacks, Jeffrey M and Kay, Kendrick N and Braver, Todd S},
  journal={Cerebral Cortex},
  pages={bhu327},
  year={2015},
  publisher={Oxford Univ Press}
}

@article{kragel2012,
  title={What makes a pattern? Matching decoding methods to data in multivariate pattern analysis},
  author={Kragel, Philip A and Carter, R McKell and Huettel, Scott A},
  journal={Frontiers in neuroscience},
  volume={6},
  year={2012},
  publisher={Frontiers Media SA}
}

@article{tom2007,
  title={The neural basis of loss aversion in decision-making under risk},
  author={Tom, Sabrina M and Fox, Craig R and Trepel, Christopher and Poldrack, Russell A},
  journal={Science},
  volume={315},
  number={5811},
  pages={515--518},
  year={2007},
  publisher={American Association for the Advancement of Science}
}

@article{jimura2012,
  title={Analyses of regional-average activation and multivoxel pattern information tell complementary stories},
  author={Jimura, Koji and Poldrack, Russell A},
  journal={Neuropsychologia},
  volume={50},
  number={4},
  pages={544--552},
  year={2012},
  publisher={Elsevier}
}

@article{baucom2012,
  title={Decoding the neural representation of affective states},
  author={Baucom, Laura B and Wedell, Douglas H and Wang, Jing and Blitzer, David N and Shinkareva, Svetlana V},
  journal={Neuroimage},
  volume={59},
  number={1},
  pages={718--727},
  year={2012},
  publisher={Elsevier}
}

@article{aldhafeeri2012,
  title={Regional brain responses to pleasant and unpleasant IAPS pictures: different networks},
  author={Aldhafeeri, Faten M and Mackenzie, Ian and Kay, Tony and Alghamdi, Jamaan and Sluming, Vanessa},
  journal={Neuroscience letters},
  volume={512},
  number={2},
  pages={94--98},
  year={2012},
  publisher={Elsevier}
}

@article{visser2013,
  title={Neural pattern similarity predicts long-term fear memory},
  author={Visser, Ren{\'e}e M and Scholte, H Steven and Beemsterboer, Tinka and Kindt, Merel},
  journal={Nature neuroscience},
  volume={16},
  number={4},
  pages={388--390},
  year={2013},
  publisher={Nature Publishing Group}
}

@article{padmala2008,
  title={Affective learning enhances visual detection and responses in primary visual cortex},
  author={Padmala, Srikanth and Pessoa, Luiz},
  journal={The Journal of Neuroscience},
  volume={28},
  number={24},
  pages={6202--6210},
  year={2008},
  publisher={Soc Neuroscience}
}

@article{spiers2007,
  title={Decoding human brain activity during real-world experiences},
  author={Spiers, Hugo J and Maguire, Eleanor A},
  journal={Trends in cognitive sciences},
  volume={11},
  number={8},
  pages={356--365},
  year={2007},
  publisher={Elsevier}
}

@article{barrett2011,
  title={Context in emotion perception},
  author={Barrett, Lisa Feldman and Mesquita, Batja and Gendron, Maria},
  journal={Current Directions in Psychological Science},
  volume={20},
  number={5},
  pages={286--290},
  year={2011},
  publisher={Sage Publications}
}

@article{britton2006,
  title={Facial expressions and complex IAPS pictures: common and differential networks},
  author={Britton, Jennifer C and Taylor, Stephan F and Sudheimer, Keith D and Liberzon, Israel},
  journal={Neuroimage},
  volume={31},
  number={2},
  pages={906--919},
  year={2006},
  publisher={Elsevier}
}

@article{visser2011,
  title={Associative learning increases trial-by-trial similarity of BOLD-MRI patterns},
  author={Visser, Ren{\'e}e M and Scholte, H Steven and Kindt, Merel},
  journal={The Journal of Neuroscience},
  volume={31},
  number={33},
  pages={12021--12028},
  year={2011},
  publisher={Soc Neuroscience}
}

@article{nijhof2015,
  title={Simulating fiction: individual differences in literature comprehension revealed with FMRI.},
  author={Nijhof, Annabel D and Willems, Roel M},
  journal={PloS one},
  volume={10},
  number={2},
  pages={e0116492},
  year={2015},
  publisher={Public Library of Science}
}

@article{mar2011,
  title={Emotion and narrative fiction: Interactive influences before, during, and after reading},
  author={Mar, Raymond A and Oatley, Keith and Djikic, Maja and Mullin, Justin},
  journal={Cognition \& emotion},
  volume={25},
  number={5},
  pages={818--833},
  year={2011},
  publisher={Taylor \& Francis}
}

@article{sabatinelli2006,
  title={The neural basis of narrative imagery: emotion and action},
  author={Sabatinelli, Dean and Lang, Peter J and Bradley, Margaret M and Flaisch, Tobias},
  journal={Progress in brain research},
  volume={156},
  pages={93--103},
  year={2006},
  publisher={Elsevier}
}

@article{wallentin2011,
  title={Amygdala and heart rate variability responses from listening to emotionally intense parts of a story},
  author={Wallentin, Mikkel and Nielsen, Andreas H{\o}jlund and Vuust, Peter and Dohn, Anders and Roepstorff, Andreas and Lund, Torben Ellegaard},
  journal={Neuroimage},
  volume={58},
  number={3},
  pages={963--973},
  year={2011},
  publisher={Elsevier}
}

@article{harry2013,
  title={Emotional expressions evoke a differential response in the fusiform face area},
  author={Harry, Bronson and Williams, Mark A and Davis, Chris and Kim, Jeesun},
  journal={Frontiers in human neuroscience},
  volume={7},
  year={2013},
  publisher={Frontiers Media SA}
}

@article{clithero2009,
  title={Local pattern classification differentiates processes of economic valuation},
  author={Clithero, John A and Carter, R McKell and Huettel, Scott A},
  journal={NeuroImage},
  volume={45},
  number={4},
  pages={1329--1338},
  year={2009},
  publisher={Elsevier}
}

@misc{KDEF,
  title={The Karolinska Directed Emotional Faces - KDEF},
  author={Lundqvist, D. and Flykt, A. and Öhman, A.},
  year={1998},
  publisher={Department of Clinical Neuroscience, Psychology section, Karolinska Institutet}
}

@article{goeleven2008,
  title={The Karolinska directed emotional faces: a validation study},
  author={Goeleven, Ellen and De Raedt, Rudi and Leyman, Lemke and Verschuere, Bruno},
  journal={Cognition and Emotion},
  volume={22},
  number={6},
  pages={1094--1118},
  year={2008},
  publisher={Taylor\& Francis}
}

@article{lang1999,
  title={International affective picture system (IAPS): Instruction manual and affective ratings},
  author={Lang, Peter J and Bradley, Margaret M and Cuthbert, Bruce N and others},
  journal={The center for research in psychophysiology, University of Florida},
  year={1999}
}

@article{greene2002,
  title={How (and where) does moral judgment work?},
  author={Greene, Joshua and Haidt, Jonathan},
  journal={Trends in cognitive sciences},
  volume={6},
  number={12},
  pages={517--523},
  year={2002},
  publisher={Elsevier}
}

@article{parkinson2014,
  title={A common cortical metric for spatial, temporal, and social distance},
  author={Parkinson, Carolyn and Liu, Shari and Wheatley, Thalia},
  journal={The Journal of Neuroscience},
  volume={34},
  number={5},
  pages={1979--1987},
  year={2014},
  publisher={Soc Neuroscience}
}

@article{mahmoudi2012,
  title={Multivoxel pattern analysis for fMRI data: A review},
  author={Mahmoudi, Abdelhak and Takerkart, Sylvain and Regragui, Fakhita and Boussaoud, Driss and Brovelli, Andrea},
  journal={Computational and mathematical methods in medicine},
  volume={2012},
  year={2012},
  publisher={Hindawi Publishing Corporation}
}

@article{barrett2013,
  title={Large-scale brain networks in affective and social neuroscience: towards an integrative functional architecture of the brain},
  author={Barrett, Lisa Feldman and Satpute, Ajay Bhaskar},
  journal={Current opinion in neurobiology},
  volume={23},
  number={3},
  pages={361--372},
  year={2013},
  publisher={Elsevier}
}

@article{bressler2010,
  title={Large-scale brain networks in cognition: emerging methods and principles},
  author={Bressler, Steven L and Menon, Vinod},
  journal={Trends in cognitive sciences},
  volume={14},
  number={6},
  pages={277--290},
  year={2010},
  publisher={Elsevier}
}

@article{brouwer2009,
  title={Decoding and reconstructing color from responses in human visual cortex},
  author={Brouwer, Gijs Joost and Heeger, David J},
  journal={The Journal of Neuroscience},
  volume={29},
  number={44},
  pages={13992--14003},
  year={2009},
  publisher={Soc Neuroscience}
}

@article{corradi2014,
  title={Cognitive and affective theory of mind share the same local patterns of activity in posterior temporal but not medial prefrontal cortex},
  author={Corradi-Dell'Acqua, Corrado and Hofstetter, Christoph and Vuilleumier, Patrik},
  journal={Social cognitive and affective neuroscience},
  volume={9},
  number={8},
  pages={1175--1184},
  year={2014},
  publisher={Oxford University Press}
}

@article{chavez2015,
  title={Representational Similarity of Social and Valence Information in the Medial pFC},
  author={Chavez, Robert S and Heatherton, Todd F},
  year={2015},
  journal={Journal of Cognitive Neuroscience},
  volume={27},
  number={1},
  pages={73--82},
  publisher={MIT Press}
}

@article{hasson2004,
  title={Intersubject synchronization of cortical activity during natural vision},
  author={Hasson, Uri and Nir, Yuval and Levy, Ifat and Fuhrmann, Galit and Malach, Rafael},
  journal={science},
  volume={303},
  number={5664},
  pages={1634--1640},
  year={2004},
  publisher={American Association for the Advancement of Science}
}

@article{hanke2014,
  title={A high-resolution 7-Tesla fMRI dataset from complex natural stimulation with an audio movie},
  author={Hanke, Michael and Baumgartner, Florian J and Ibe, Pierre and Kaule, Falko R and Pollmann, Stefan and Speck, Oliver and Zinke, Wolf and Stadler, J{\"o}rg},
  journal={Scientific Data},
  volume={1},
  year={2014},
  publisher={Nature Publishing Group}
}

@article{lindquist2015,
  title={The Brain Basis of Positive and Negative Affect: Evidence from a Meta-Analysis of the Human Neuroimaging Literature},
  author={Lindquist, Kristen A and Satpute, Ajay B and Wager, Tor D and Weber, Jochen and Barrett, Lisa Feldman},
  journal={Cerebral Cortex},
  pages={1--13},
  year={2015},
  publisher={Oxford Univ Press}
}

@article{nichols2002,
  title={Nonparametric permutation tests for functional neuroimaging: a primer with examples},
  author={Nichols, Thomas E and Holmes, Andrew P},
  journal={Human brain mapping},
  volume={15},
  number={1},
  pages={1--25},
  year={2002},
  publisher={Wiley Online Library}
}

@article{blackford2010,
  title={A unique role for the human amygdala in novelty detection},
  author={Blackford, Jennifer Urbano and Buckholtz, Joshua W and Avery, Suzanne N and Zald, David H},
  journal={Neuroimage},
  volume={50},
  number={3},
  pages={1188--1193},
  year={2010},
  publisher={Elsevier}
}

@article{tarr2000,
  title={FFA: a flexible fusiform area for subordinate-level visual processing automatized by expertise},
  author={Tarr, Michael J and Gauthier, Isabel and others},
  journal={Nature neuroscience},
  volume={3},
  pages={764--770},
  year={2000},
  publisher={NATURE AMERICA}
}